<record><leader>00000cas a2200000 a 4500</leader><controlfield tag="001">12574253</controlfield><controlfield tag="008">850919d19291931ksuwr ne      0    0eng d</controlfield><datafield ind1=" " ind2=" " tag="010"><subfield code="a">sn 85032300 </subfield></datafield><datafield ind1=" " ind2=" " tag="040"><subfield code="a">KSH</subfield><subfield code="b">eng</subfield><subfield code="c">KSH</subfield><subfield code="d">NPT</subfield><subfield code="d">OCL</subfield><subfield code="d">OCLCQ</subfield></datafield><datafield ind1=" " ind2=" " tag="042"><subfield code="a">msc</subfield></datafield><datafield ind1="0" ind2=" " tag="130"><subfield code="a">Kismet klipper (Kismet, Kan. : 1929)</subfield></datafield><datafield ind1="1" ind2="4" tag="245"><subfield code="a">The Kismet klipper.</subfield></datafield><datafield ind1=" " ind2=" " tag="260"><subfield code="a">Kismet, Kan. :</subfield><subfield code="b">J.C. Benson,</subfield><subfield code="c">1929-1931.</subfield></datafield><datafield ind1=" " ind2=" " tag="300"><subfield code="a">3 v. :</subfield><subfield code="b">ill. ;</subfield><subfield code="c">56 cm.</subfield></datafield><datafield ind1=" " ind2=" " tag="310"><subfield code="a">Weekly</subfield></datafield><datafield ind1="0" ind2=" " tag="362"><subfield code="a">Vol. 1, no. 1 (Jan. 17, 1929)-v. 3, no. 22 (Jan. 29, 1931).</subfield></datafield><datafield ind1=" " ind2=" " tag="500"><subfield code="a">Published by C.B. Milham and Sons, Dec. 18, 1930-Jan. 29, 1931.</subfield></datafield><datafield ind1=" " ind2=" " tag="752"><subfield code="a">United States</subfield><subfield code="b">Kansas</subfield><subfield code="c">Seward</subfield><subfield code="d">Kismet.</subfield></datafield><datafield ind1="0" ind2="4" tag="785"><subfield code="t">Plains journal</subfield><subfield code="w">(OCoLC)11905399</subfield></datafield><datafield ind1="1" ind2=" " tag="029"><subfield code="a">AU@</subfield><subfield code="b">000022165285</subfield></datafield></record>